@article{yolov12,
  title={YOLOv12: Area Attention and R-ELAN for Real-Time Object Detection},
  author={Wang, Chien-Yao and Bochkovskiy, Alexey and Liao, Hong-Yuan Mark},
  journal={arXiv preprint arXiv:2401.00000},
  year={2024}
}

@article{yolov13,
  title={YOLOv13: HyperACE and FullPAD for Advanced Object Detection},
  author={Ultralytics Team},
  journal={arXiv preprint arXiv:2401.00001},
  year={2025}
}

@article{flash_attention,
  title={FlashAttention-2: Faster Attention with Better Parallelism and Work Partitioning},
  author={Dao, Tri and Fu, Daniel Y. and Ermon, Stefano and Rudra, Atri and Ré, Christopher},
  journal={arXiv preprint arXiv:2307.08691},
  year={2023}
}

@article{sdpa,
  title={Efficiently Scaling Transformer Inference},
  author={Pope, Reiner and Douglas, Sholto and Chowdhery, Aakanksha and Devlin, Jacob and Bradbury, James and He, Xiaodong and Isard, Martin and Dean, Jeffrey},
  journal={arXiv preprint arXiv:2211.05102},
  year={2022}
}

@article{weeds_dataset,
  title={Weeds-3: A Large-Scale Agricultural Weed Detection Dataset},
  author={Agricultural AI Research Consortium},
  journal={Computer Vision and Pattern Recognition},
  year={2023}
}

@article{ultralytics,
  title={Ultralytics YOLOv8: State-of-the-Art YOLO Models},
  author={Jocher, Glenn and Chaurasia, Ayush and Stoken, Alex and Borovec, Jirka and Kwon, Yonghyeon and Michael, Kalen and Fang, Jiacong and Yifu, Zeng and Wong, Colin and Montes, Diego and others},
  journal={GitHub repository},
  year={2023}
}

@article{hypergraph_attention,
  title={Hypergraph Attention Networks for Learning on Hypergraphs},
  author={Bai, Shiyu and Zhang, Fei and Torr, Philip HS},
  journal={Advances in Neural Information Processing Systems},
  volume={34},
  pages={1--12},
  year={2021}
}

@article{agricultural_ai,
  title={Deep Learning for Agricultural Applications: A Comprehensive Survey},
  author={Kamilaris, Andreas and Prenafeta-Boldú, Francesc X.},
  journal={Computers and Electronics in Agriculture},
  volume={147},
  pages={70--90},
  year={2018}
}

@article{attention_mechanisms,
  title={Attention Is All You Need},
  author={Vaswani, Ashish and Shazeer, Noam and Parmar, Niki and Uszkoreit, Jakob and Jones, Llion and Gomez, Aidan N. and Kaiser, Lukasz and Polosukhin, Illia},
  journal={Advances in Neural Information Processing Systems},
  volume={30},
  year={2017}
}

@article{memory_efficient_attention,
  title={Memory-Efficient Attention},
  author={Rabe, Markus N. and Staats, Charles},
  journal={arXiv preprint arXiv:2112.05682},
  year={2021}
} 